@article{bekenstein_black_1973,
	title = {Black Holes and Entropy},
	volume = {7},
	issn = {0556-2821},
	url = {https://link.aps.org/doi/10.1103/PhysRevD.7.2333},
	doi = {10.1103/PhysRevD.7.2333},
	pages = {2333--2346},
	number = {8},
	journaltitle = {Physical Review D},
	shortjournal = {Phys. Rev. D},
	author = {Bekenstein, Jacob D.},
	urldate = {2023-04-11},
	date = {1973-04-15},
	langid = {english},
}